@article{vansteenbergen2019,
  author   = {van Steenbergen, Gijs G.J. and Tsang, Queeny H.Y. and van der Heide, Stefan M. and Verkroost, Michel W.A. and Li, Wilson W.L. and Morshuis, Wim J.},
  title    = {Spontaneous leaflet fracture resulting in embolization from mechanical valve prostheses},
  journal  = {Journal of Cardiac Surgery},
  volume   = {34},
  number   = {3},
  pages    = {124--130},
  year     = {2019},
  issn     = {0886-0440},
  doi      = {10.1111/jocs.13975},
  url      = {https://doi.org/10.1111/jocs.13975},
  keywords = {aortic valve replacement, Bjork Shiley, HFPF, cavitation, Edwards Duromedics, emergency surgery, leaflet escape, valve failure},
  abstract = {Spontaneous leaflet fracture of mechanical heart valve prostheses is very rare. We describe a case of spontaneous leaflet embolization 31 years after aortic valve replacement with an Edwards-Duromedics prosthesis (Baxter Healthcare Corp., Edwards Division, Santa Ana, CA). We review the literature on this subject to increase awareness and recognition for this potentially life-threatening complication.}
}
@article{zhang1995,
  author  = {Zhang, Z. and Ye, C.X. and Wang, Y.S.},
  title   = {A Proposal for a Theory and Detection Method of Cavitation Potential of Mitral Bileaflet Heart Valve},
  journal = {Artificial Organs},
  volume  = {19},
  number  = {9},
  pages   = {952--954},
  year    = {1995},
  doi     = {10.1111/j.1525-1594.1995.tb02458.x},
  pmid    = {8687305}
}
@article{barmada1998,
  author  = {Barmada, Hani and Cohen, David},
  title   = {Surface analysis of bileaflet prosthetic heart valve leaflet leading edge},
  journal = {ASAIO Journal},
  volume  = {44},
  number  = {4},
  pages   = {294--298},
  year    = {1998},
  month   = {8},
  doi     = {10.1097/00002480-199807000-00010},
  pmid    = {9682955}
}
@book{hutchison2011,
  author    = {Hutchison, Stuart J.},
  title     = {Principles of Cardiovascular Radiology},
  year      = {2011},
  publisher = {Elsevier Health Sciences}
}

@incollection{venkatesh2013,
  author    = {Venkatesh, Vikram and Abbara, Suhny},
  title     = {Chapter 17 - Cardiac Valves},
  booktitle = {Problem Solving in Cardiovascular Imaging},
  editor    = {Abbara, Suhny and Kalva, Sanjeeva P.},
  publisher = {W.B. Saunders},
  year      = {2013},
  pages     = {279--297},
  isbn      = {9781437727685},
  doi       = {10.1016/B978-1-4377-2768-5.00017-6},
  url       = {https://www.sciencedirect.com/science/article/pii/B9781437727685000176}
}
@article{wu2001,
  author  = {Wu, C. and Hwang, N.H.C. and Lin, Y.K.},
  title   = {A Fracture Mechanics Model for Cavitation Damage in Mechanical Heart Valve Prostheses},
  journal = {Cardiovascular Engineering},
  volume  = {1},
  pages   = {171--176},
  year    = {2001},
  doi     = {10.1023/A:1015260211567},
  url     = {https://doi.org/10.1023/A:1015260211567}
}


@article{bonou2012,
  title={Prosthetic heart valve obstruction: thrombolysis or surgical treatment?},
  author={Bonou, Matina and Lampropoulos, Konstantinos and Barbetseas, John},
  journal={Eur Heart J Acute Cardiovasc Care},
  volume={1},
  number={2},
  pages={122-127},
  year={2012},
  month={6},
  doi={10.1177/2048872612451169},
  PMID={24062899},
  PMCID={PMC3760527}
}
@article{roudaut2007,
  title={Thrombosis of prosthetic heart valves: diagnosis and therapeutic considerations},
  author={Roudaut, Raymond and Serri, Karim and Lafitte, St{\'e}phane},
  journal={Heart},
  volume={93},
  number={1},
  pages={137-142},
  year={2007},
  month={1},
  doi={10.1136/hrt.2005.071183},
  PMID={17170355},
  PMCID={PMC1861363}
}
@article{björk1969,
    author = {Björk, Vo},
    title = {A New Tilting Disc Valve Prosthesis},
    journal = {Scand J Thorac Cardiovasc Surg},
    year = {1969},
    volume = {3},
    number = {1},
    pages = {1-10},
    doi = {10.3109/14017436909131912},
    PMID = {4900179}
}
@online{medtronic_image,
    title = {Medtronic Open Pivot Mechanical Heart Valve},
    url = {https://europe.medtronic.com/xd-en/healthcare-professionals/products/cardiovascular/heart-valves-surgical/open-pivot-mechanical-heart-valve.html},
    year = {2023},
    note = {Image citation from Medtronic website}
}

